% This file was created with JabRef 2.10.
% Encoding: UTF-8


@InProceedings{ahrens2009vision,
  Title                    = {Vision-based guidance and control of a hovering vehicle in unknown, GPS-denied environments},
  Author                   = {Ahrens, Spencer and Levine, Daniel and Andrews, Gregory and How, Jonathan P},
  Booktitle                = {Robotics and Automation, 2009. ICRA'09. IEEE International Conference on},
  Year                     = {2009},
  Organization             = {IEEE},
  Pages                    = {2643--2648},

  Owner                    = {elias},
  Timestamp                = {2018.06.14}
}

@InProceedings{frew2004vision,
  Title                    = {Vision-based road-following using a small autonomous aircraft},
  Author                   = {Frew, Eric and McGee, Tim and Kim, ZuWhan and Xiao, Xiao and Jackson, Stephen and Morimoto, Michael and Rathinam, Sivakumar and Padial, Jose and Sengupta, Raja},
  Booktitle                = {Aerospace Conference, 2004. Proceedings. 2004 IEEE},
  Year                     = {2004},
  Organization             = {IEEE},
  Pages                    = {3006--3015},
  Volume                   = {5},

  Owner                    = {elias},
  Timestamp                = {2018.06.14}
}

@InProceedings{gupta2015obstacle,
  Title                    = {Obstacle detection and collision avoidance using ultrasonic sensors for RC multirotors},
  Author                   = {Gupta, Nischay and Makkar, Jaspreet Singh and Pandey, Piyush},
  Booktitle                = {Signal Processing and Communication (ICSC), 2015 International Conference on},
  Year                     = {2015},
  Organization             = {IEEE},
  Pages                    = {419--423},

  Owner                    = {elias},
  Timestamp                = {2018.06.14}
}

@InProceedings{heng2011autonomous,
  Title                    = {Autonomous obstacle avoidance and maneuvering on a vision-guided MAV using on-board processing},
  Author                   = {Heng, Lionel and Meier, Lorenz and Tanskanen, Petri and Fraundorfer, Friedrich and Pollefeys, Marc},
  Booktitle                = {Robotics and automation (ICRA), 2011 IEEE international conference on},
  Year                     = {2011},
  Organization             = {IEEE},
  Pages                    = {2472--2477},

  Owner                    = {elias},
  Timestamp                = {2018.06.14}
}

@Book{Siegwart2011,
  Title                    = {Introduction to autonomous mobile robots},
  Author                   = {Siegwart, Roland and Nourbakhsh, Illah Reza and Scaramuzza, Davide},
  Publisher                = {MIT press},
  Year                     = {2011},

  __markedentry            = {[elias:6]},
  Owner                    = {elias},
  Timestamp                = {2018.06.11}
}

@Manual{VL53L0X,
  Title                    = {VL53L0X - Worldâ€™s smallest Time-of-Flight
 ranging and gesture detection 
 sensor},
  Edition                  = {2},
  Month                    = {April},
  Organization             = {STMicroelectronics},
  Year                     = {2018},

  Owner                    = {elias},
  Timestamp                = {2018.06.14}
}

